<?xml version="1.0" encoding="UTF-8"?>
<record xmlns="http://www.loc.gov/MARC21/slim" xmlns:xsi="http://www.w3.org/2001/XMLSchema-instance" xsi:schemaLocation="http://www.loc.gov/MARC21/slim http://www.loc.gov/standards/marcxml/schema/MARC21slim.xsd">
<leader>00000nam a22      u 4500</leader>
<controlfield tag="001">001379353</controlfield>
<controlfield tag="003">NNU</controlfield>
<controlfield tag="005">20110728111807.0</controlfield>
<controlfield tag="008">920511m19491950le            000 0 ara d</controlfield>
<datafield tag="035" ind1=" " ind2=" ">
<subfield code="a">(OCoLC)265439424</subfield>
</datafield>
<datafield tag="040" ind1=" " ind2=" ">
<subfield code="a">MH</subfield>
<subfield code="c">HLS</subfield>
</datafield>
<datafield tag="041" ind1="0" ind2=" ">
<subfield code="a">ara</subfield>
<subfield code="h">fre</subfield>
</datafield>
<datafield tag="100" ind1="1" ind2=" ">
<subfield code="a">Guys, Henri,</subfield>
<subfield code="d">1787-1878</subfield>
<subfield code="6">880-01</subfield>
</datafield>
<datafield tag="240" ind1="1" ind2="0">
<subfield code="a">Relation d'un séjour de plusieurs années 'a Beyrouth et dans le Liban</subfield>
<subfield code="l">Arabic</subfield>
<subfield code="f">1949.</subfield>
</datafield>
<datafield tag="245" ind1="1" ind2="0">
<subfield code="6">880-02</subfield>
<subfield code="a">Bayrūt wa-Lubnān mundhu qarn wa-niṣf al-qarn /</subfield>
<subfield code="c">bi-qalam Hinrī Ghīz ; taʻrīb Mārūn ʻAbbūd.</subfield>
</datafield>
<datafield tag="250" ind1=" " ind2=" ">
<subfield code="a">al-Ṭabʻah 1.</subfield>
</datafield>
<datafield tag="260" ind1=" " ind2=" ">
<subfield code="6">880-03</subfield>
<subfield code="a">Bayrūt :</subfield>
<subfield code="b">Manshūrāt Wazārat al-Tarbiyah al-Waṭanīyah wa-al-Funūn al-Jamīlah,</subfield>
<subfield code="c">1949-</subfield>
</datafield>
<datafield tag="300" ind1=" " ind2=" ">
<subfield code="a">v. ;</subfield>
<subfield code="c">24 cm.</subfield>
</datafield>
<datafield tag="490" ind1="0" ind2=" ">
<subfield code="6">880-04</subfield>
<subfield code="a">Mabāḥith ajnabīyah fī tārīkh Lubnān.</subfield>
</datafield>
<datafield tag="500" ind1=" " ind2=" ">
<subfield code="a">Translated from French into Arabic.</subfield>
</datafield>
<datafield tag="504" ind1=" " ind2=" ">
<subfield code="a">Includes bibliographical references.</subfield>
</datafield>
<datafield tag="651" ind1=" " ind2="0">
<subfield code="a">Lebanon</subfield>
<subfield code="x">Description and travel.</subfield>
</datafield>
<datafield tag="651" ind1=" " ind2="0">
<subfield code="a">Beirut (Lebanon)</subfield>
<subfield code="x">Description and travel.</subfield>
</datafield>
<datafield tag="651" ind1=" " ind2="0">
<subfield code="a">Lebanon</subfield>
<subfield code="x">History</subfield>
<subfield code="y">19th century.</subfield>
</datafield>
<datafield tag="700" ind1="1" ind2=" ">
<subfield code="a">ʻAbbūd, Mārūn</subfield>
<subfield code="6">880-05</subfield>
</datafield>
<datafield tag="880" ind1="1" ind2=" ">
<subfield code="6">100-01/</subfield>
<subfield code="a">غيز ، هنري .</subfield>
</datafield>
<datafield tag="880" ind1="1" ind2="0">
<subfield code="6">245-02/</subfield>
<subfield code="a">بيروت ولبنان منذ قرن ونصف القرن /</subfield>
<subfield code="c">بقلم هنري غيز ؛ تعريب مارون عبود.</subfield>
</datafield>
<datafield tag="880" ind1=" " ind2=" ">
<subfield code="6">260-03/</subfield>
<subfield code="a">بيروت :</subfield>
<subfield code="b">منشورات وزارة التربية الوطنية والفنون الجميلة،</subfield>
<subfield code="c">1949</subfield>
</datafield>
<datafield tag="880" ind1="0" ind2=" ">
<subfield code="6">490-04/</subfield>
<subfield code="a">مباحث اجنبية في تاريخ لبنان.</subfield>
</datafield>
<datafield tag="880" ind1="1" ind2=" ">
<subfield code="6">700-05/</subfield>
<subfield code="a">عبود، مارون.</subfield>
</datafield>
<datafield tag="OWN" ind1=" " ind2=" ">
<subfield code="a">GENERAL</subfield>
</datafield>
<datafield tag="AVA" ind1=" " ind2=" ">
<subfield code="a">NYU50</subfield>
<subfield code="b">BOBST</subfield>
<subfield code="c">Main Collection</subfield>
<subfield code="d">DS99.L4 G8 1949</subfield>
<subfield code="e">unavailable</subfield>
<subfield code="t">Unavailable</subfield>
<subfield code="f">2</subfield>
<subfield code="g">2</subfield>
<subfield code="h">Y</subfield>
<subfield code="i">0</subfield>
<subfield code="j">MAIN</subfield>
<subfield code="k">0</subfield>
</datafield>
</record>
